



@inproceedings{Aher2023,
  author    = {Aher, G. V. and Arriaga, R. I. and Kalai, A. T.},
  title     = {Using large language models to simulate multiple humans and replicate human subject studies},
  booktitle = {International Conference on Machine Learning},
  pages     = {337--371},
  year      = {2023},
  publisher = {PMLR}
}

@inproceedings{park2023generative,
  title={Generative agents: Interactive simulacra of human behavior},
  author={Park, Joon Sung and O'Brien, Joseph and Cai, Carrie Jun and Morris, Meredith Ringel and Liang, Percy and Bernstein, Michael S},
  booktitle={Proceedings of the 36th annual acm symposium on user interface software and technology},
  pages={1--22},
  year={2023}
}

@book{Arkin2009,
  author    = {Arkin, R.},
  title     = {Governing lethal behavior in autonomous robots},
  year      = {2009},
  publisher = {Chapman and Hall/CRC}
}

@article{Cohen2024,
  author    = {Cohen, M. K. and Kolt, N. and Bengio, Y. and Hadfield, G. K. and Russell, S.},
  title     = {Regulating advanced artificial agents},
  journal   = {Science},
  volume    = {384},
  number    = {6691},
  pages     = {36--38},
  year      = {2024}
}

@inproceedings{Durfee1990,
  author    = {Durfee, E. H. and Montgomery, T. A.},
  title     = {A Hierarchical Protocol for Coordinating Mulitagent Behaviors},
  booktitle = {AAAI},
  pages     = {86--93},
  year      = {1990}
}

@article{Ghasemaghaei2024,
  author    = {Ghasemaghaei, M. and Kordzadeh, N.},
  title     = {Understanding how algorithmic injustice leads to making discriminatory decisions: An obedience to authority perspective},
  journal   = {Information \& Management},
  volume    = {61},
  number    = {2},
  pages     = {103921},
  year      = {2024}
}

@misc{Ghosh2025,
  author    = {Ghosh, A. and Luccioni, S. and Mitchell, M. and Mictchell, M.},
  title     = {AI Agents Are Here. What Now?},
  year      = {2025},
}

@article{Guo2024,
  author    = {Guo, T. and Chen, X. and Wang, Y. and Chang, R. and Pei, S. and Chawla, N. V. and Zhang, X.},
  title     = {Large language model based multi-agents: A survey of progress and challenges},
  journal   = {arXiv preprint arXiv:2308.08155},
  year      = {2024}
}

@misc{McLarney2021,
  author    = {McLarney, E. and Gawdiak, Y. and Oza, N. and Mattmann, C. and Garcia, M. and Maskey, M. and Little, C.},
  title     = {NASA framework for the ethical use of artificial intelligence (AI)},
  year      = {2021}
}

@inproceedings{Milli2017,
  author    = {Milli, S. and Hadfield-Menell, D. and Dragan, A. and Russell, S.},
  title     = {Should robots be obedient?},
  year      = {2017}
}

@article{Wooldridge1995,
  author    = {Wooldridge, M. J. and Jennings, N. R.},
  title     = {Intelligent Agents: Theory and Practice},
  journal   = {The Knowledge Engineering Review},
  volume    = {10},
  number    = {2},
  pages     = {115--152},
  year      = {1995}
}

@article{Wu2023,
  author    = {Wu, Q. and Bansal, G. and Zhang, J. and Wu, Y. and Li, B. and Zhu, E. and Wang, C.},
  title     = {Autogen: Enabling next-gen llm applications via multi-agent conversation},
  journal   = {arXiv preprint arXiv:2308.08155},
  year      = {2023}
}

@misc{zeng2024autodefensemultiagentllmdefense,
      title={AutoDefense: Multi-Agent LLM Defense against Jailbreak Attacks}, 
      author={Yifan Zeng and Yiran Wu and Xiao Zhang and Huazheng Wang and Qingyun Wu},
      year={2024},
      eprint={2403.04783},
      archivePrefix={arXiv},
      primaryClass={cs.LG},
      url={https://arxiv.org/abs/2403.04783}
}

@incollection{darling2016extending,
  title={Extending legal protection to social robots: The effects of anthropomorphism, empathy, and violent behavior towards robotic objects},
  author={Darling, Kate},
  booktitle={Robot law},
  pages={213--232},
  year={2016},
  publisher={Edward Elgar Publishing}
}